@book{Pierce2002,
author = {Pierce, Benjamin C.},
publisher = {The MIT Press},
title = {{Types and Programming Languages}},
year = {2002}
}

@techreport{ligatti,
  title={Induction on Failing Derivations},
  author={Ligatti, Jay},
  year={2013},
  institution={Technical report, University of South Florida}
}

@article{hersh1993proving,
  title={Proving is convincing and explaining},
  author={Hersh, Reuben},
  journal={Educational Studies in Mathematics},
  volume={24},
  number={4},
  pages={389--399},
  year={1993},
  publisher={Springer}
}

@InCollection{sep-intuitionism,
	author       =	{Iemhoff, Rosalie},
	title        =	{Intuitionism in the Philosophy of Mathematics},
	booktitle    =	{The Stanford Encyclopedia of Philosophy},
	editor       =	{Edward N. Zalta},
	howpublished =	{\url{http://plato.stanford.edu/archives/spr2015/entries/intuitionism/}},
	year         =	{2015},
	edition      =	{Spring 2015},
}

@book{Sangiorgi2011,
author = {Sangiorgi, Davide},
title = {{Introduction to Bisimulation and Coinduction}},
year = {2011},
publisher={Cambridge University Press}
}

@book{Leary1999,
author = {Leary, Cc},
title = {{A friendly introduction to mathematical logic}},
year = {1999},
publisher = {Prentice Hall}
}

@book{Chiswell2002,
address = {Oxford, NY},
author = {Chiswell, Ian and {Hodges Wilfrid}},
publisher = {Oxford University Press},
title = {{Mathematical Logic}},
year = {2007}
}

@misc{Kleene1971,
author = {Kleene, Stephen Cole},
publisher = {Wolters-Noordhoff Publishing},
title = {{S.C. Kleene Introduction to Metamathematics}},
year = {1971}
}
